@article{jacksi2019development,
  title={Development history of the world wide web},
  author={Jacksi, Karwan and Abass, Shakir M},
  journal={Int. J. Sci. Technol. Res},
  volume={8},
  number={9},
  pages={75--79},
  year={2019}
}

@incollection{bizer2011linked,
  title={Linked data: The story so far},
  author={Bizer, Christian and Heath, Tom and Berners-Lee, Tim},
  booktitle={Semantic services, interoperability and web applications: emerging concepts},
  pages={205--227},
  year={2011},
  publisher={IGI global}
}

@article{berners2006linked,
  title={Linked data-design issues},
  author={Berners-Lee, Tim},
  journal={http://www.w3.org/DesignIssues/LinkedData.html},
  year={2006}
}

@inproceedings{auer2007dbpedia,
  title={Dbpedia: A nucleus for a web of open data},
  author={Auer, S{\"o}ren and Bizer, Christian and Kobilarov, Georgi and Lehmann, Jens and Cyganiak, Richard and Ives, Zachary},
  booktitle={The Semantic Web: 6th International Semantic Web Conference, 2nd Asian Semantic Web Conference, ISWC 2007+ ASWC 2007, Busan, Korea, November 11-15, 2007. Proceedings},
  pages={722--735},
  year={2007},
  organization={Springer}
}

@inproceedings{golbeck2008linking,
  title={Linking Social Networks on the Web with FOAF: A Semantic Web Case Study},
  author={Golbeck, Jennifer and Rothstein, Matthew},
  booktitle={AAAI},
  volume={8},
  pages={1138--1143},
  year={2008}
}

@inproceedings{van2022publishing,
  title={Publishing cultural heritage collections of ghent with linked data event streams},
  author={Van de Vyvere, Brecht and D’Huynslager, Olivier Van and Atauil, Achraf and Segers, Maarten and Van Campe, Leen and Vandekeybus, Niels and Teugels, Sofie and Saenko, Alina and Pauwels, Pieter-Jan and Colpaert, Pieter},
  booktitle={Metadata and Semantic Research: 15th International Conference, MTSR 2021, Virtual Event, November 29--December 3, 2021, Revised Selected Papers},
  pages={357--369},
  year={2022},
  organization={Springer}
}

@article{miller1998introduction,
  title={An introduction to the resource description framework},
  author={Miller, Eric},
  journal={ディジタル図書館},
  volume={13},
  pages={3--11},
  year={1998},
  publisher={ディジタル図書館編集委員会}
}

@article{candan2001resource,
  title={Resource description framework: metadata and its applications},
  author={Candan, K Sel{\c{c}}uk and Liu, Huan and Suvarna, Reshma},
  journal={Acm Sigkdd Explorations Newsletter},
  volume={3},
  number={1},
  pages={6--19},
  year={2001},
  publisher={ACM New York, NY, USA}
}

@book{powers2003practical,
  title={Practical RDF: solving problems with the resource description framework},
  author={Powers, Shelley},
  year={2003},
  publisher={O'Reilly Media, Inc.}
}